@misc{hare2011simple,
  title={Simple Network Management Protocol (SNMP).},
  author={Hare, Chris},
  year={2011}
}


@book{mauro2005essential,
  title={Essential SNMP: Help for System and Network Administrators},
  author={Mauro, Douglas and Schmidt, Kevin},
  year={2005},
  publisher={" O'Reilly Media, Inc."}
}


@article{ojasalo2004key,
  title={Key network management},
  author={Ojasalo, Jukka},
  journal={Industrial Marketing Management},
  volume={33},
  number={3},
  pages={195--205},
  year={2004},
  publisher={Elsevier}
}


@book{olups2010zabbix,
  title={Zabbix 1.8 network monitoring},
  author={Olups, Rihards},
  year={2010},
  publisher={Packt Publishing Ltd}
}

@Misc{Mirfendereski_Centom,
  author =   {Mirfendereski, Mahdi},
  title =    {{Centom}},
  howpublished = {\url{https://github.com/smmir-cent/Centom}},
  month =    sep,
  year =     2022}

@Misc{noauthor_snmp_nodate,
	title = {{SNMP} Introduction Tutorial (Simple Network Management Protocol)},
  howpublished = {\url{https://www.thegeekstuff.com/2012/09/snmp-introduction/}},
	urldate = {2022-09-17},
} 

@Misc{noauthor_solarwinds_nodate,
	title = {Solarwinds Documentation},
	howpublished = {\url{https://documentation.solarwinds.com/en/success_center/ipmonitor/content/introduction.htm}},
	urldate = {2022-09-17},
}

@Misc{noauthor_what_nodate,
	title = {What is Datadog? Definition from {SearchITOperations}},
	howpublished = {\url{https://www.techtarget.com/searchitoperations/definition/Datadog}},
	shorttitle = {What is Datadog?},
	abstract = {Learn more about Datadog, a monitoring tool that {IT} and {DevOps} teams can use to track application performance, and a few of its features and alternatives.},
	titleaddon = {{SearchITOperations}},
	urldate = {2022-09-17},
	langid = {english},
}


@book{bass2003software,
  title={Software architecture in practice},
  author={Bass, Len and Clements, Paul and Kazman, Rick},
  year={2003},
  publisher={Addison-Wesley Professional}
}

@Misc{stackoverflow_stack_nodate,
	title = {Stack Overflow Developer Survey 2021},
	howpublished = {\url{https://insights.stackoverflow.com/survey/2021/?utm_source=social-share&utm_medium=social&utm_campaign=dev-survey-2021}},
	abstract = {In May 2021 over 80,000 developers told us how they learn and level up, which tools they’re using, and what they want.},
	titleaddon = {Stack Overflow},
	author = {{stackoverflow}},
	urldate = {2022-09-17},
	langid = {english},
}


@Misc{technologies_what_2021,
	title = {What is {ReactJs} - Introduction to {ReactJS} and Its Features},
	howpublished = {\url{https://mindmajix.com/introduction-to-react-js}},
	abstract = {Introduction to {ReactJS} - In this artice you will learn what is {ReactJS}, Why React, {ReactJs} Components, {ReactJS} Features and its Advantages. Read for More!},
	titleaddon = {Mindmajix},
	author = {Technologies, Mindmajix},
	urldate = {2022-09-17},
	date = {2021-04-22},
	langid = {english},
	note = {Section: Looker},
}


@Misc{noauthor_overview_nodate,
	title = {An overview of Angular. In this article, we are going to have a… {\textbar} by Mátyás Lancelot Bors {\textbar} Medium},
	howpublished = {\url{https://medium.com/@mlbors/an-overview-of-angular-3ccd2950648e}},
	urldate = {2022-09-17},
}

@Misc{noauthor_django_nodate,
	title = {Django introduction - Learn web development {\textbar} {MDN}},
	howpublished = {\url{https://developer.mozilla.org/en-US/docs/Learn/Server-side/Django/Introduction}},
	abstract = {Congratulations, you've completed the first step in your Django journey! You should now understand Django's main benefits, a little about its history, and roughly what each of the main parts of a Django app might look like. You should have also learned a few things about the Python programming language, including the syntax for lists, functions, and classes.},
	urldate = {2022-09-17},
	langid = {american},
}


@Misc{noauthor_introduction_nodate,
	title = {Introduction to Node.js},
	howpublished = {\url{https://nodejs.dev/en/learn/}},
	urldate = {2022-09-17},
}


@Misc{vychodil_answer_2015,
	title = {Answer to "Which language and lib is better suited for high-performant network devices polling server ({SNMP})?"},
	howpublished = {\url{https://stackoverflow.com/a/30896305}},
	shorttitle = {Answer to "Which language and lib is better suited for high-performant network devices polling server ({SNMP})?},
	titleaddon = {Stack Overflow},
	author = {Vychodil, Hynek-Pichi-},
	urldate = {2022-09-17},
	date = {2015-06-17},
}

@Misc{noauthor_how_nodate,
	title = {How are Device Type values selected for devices in Performance Management},
	howpublished = {\url{https://knowledge.broadcom.com/external/article/32164/how-are-device-type-values-selected-for.html}},
	urldate = {2022-09-17},
}

@book{dorlan2016introduction,
  title={An introduction to computer networks},
  author={Dorlan, Peter L},
  year={2016},
  publisher={Autoedici{\'o}n}
}